<?xml version="1.0" encoding="UTF-8"?><collection xmlns="http://www.loc.gov/MARC21/slim"><record><leader>00435nam--2200157-i-4500</leader><controlfield tag="001">000005146</controlfield><controlfield tag="002">20161230</controlfield><controlfield tag="005">20170224003430</controlfield><controlfield tag="008">060222s1000------------r-----000-0-eng-d</controlfield><datafield ind1=" " ind2=" " tag="100"><subfield code="a">Desdevises, J</subfield></datafield><datafield ind1=" " ind2=" " tag="245"><subfield code="a">Spectrometre des flux de neutrons intermediaires et rapides</subfield></datafield><datafield ind1=" " ind2=" " tag="260"><subfield code="a">Saclay</subfield><subfield code="b">Centre D Etudes Nucleaires</subfield><subfield code="c">1960</subfield></datafield><datafield ind1=" " ind2=" " tag="300"><subfield code="a">37 p</subfield></datafield><datafield ind1=" " ind2=" " tag="490"><subfield code="a">Series Bibliographies</subfield></datafield><datafield ind1=" " ind2=" " tag="700"><subfield code="a">Didier, D</subfield></datafield><datafield ind1=" " ind2=" " tag="CAT"><subfield code="a">SYS</subfield><subfield code="c">20170224</subfield><subfield code="h">003430</subfield></datafield></record></collection>